@BOOK{Schmidt,
	AUTHOR = {Halse, Meghan E.},
	YEAR = {2006},
	TITLE = {Terranova-MRI EFNMR Student Guide},
	ISBN = {3-519-03082-9},
	PUBLISHER = {Magritek Ltd},
	ADDRESS = {Stuttgart},
}
@MISC{Bild,
  AUTHOR = {Mortazavi, Saideh Sadat},
  TITLE = {Earth Field Magnetic Resonance Imaging And Paramagnetic Contrast Agents},
  YEAR = {last update: 2009-01-01},
  URL = {https://scholarworks.utep.edu/cgi/viewcontent.cgi?article=3739&context=open_etd},
  Note = {looked up: 2020-07-16},
  }
  @MISC{magnetfeld,
  AUTHOR = {National Administration},
  TITLE = {Magnetic Field Calculators},
  URL = {https://www.ngdc.noaa.gov/geomag/calculators/magcalc.shtml?#igrfgrid},
  Note = {looked up: 2020-07-21},
  }
   @MISC{literaturT1,
  AUTHOR = {Elster LLC},
  TITLE = {Size of T1 vs T2},
  URL = {http://mri-q.com/why-is-t1--t2.html},
  Note = {looked up: 2020-07-21},
  }